@inproceedings{xu2017end,
  title={End-to-end learning of driving models from large-scale video datasets},
  author={Xu, Huazhe and Gao, Yang and Yu, Fisher and Darrell, Trevor},
  booktitle={Conference on Computer Vision and Pattern Recognition},
  pages={2174--2182},
  year={2017}
}

@article{gao2018reinforcement,
  title={Reinforcement learning from imperfect demonstrations},
  author={Gao, Yang and Lin, Ji and Yu, Fisher and Levine, Sergey and Darrell, Trevor and others},
  journal={arXiv preprint arXiv:1802.05313},
  year={2018}
}

@article{lecun2015deep,
  title={Deep learning},
  author={LeCun, Yann and Bengio, Yoshua and Hinton, Geoffrey},
  journal={Nature},
  volume={521},
  number={7553},
  pages={436},
  year={2015},
}

@article{florensa2017reverse,
  title={Reverse curriculum generation for reinforcement learning},
  author={Florensa, Carlos and Held, David and Wulfmeier, Markus and Zhang, Michael and Abbeel, Pieter},
  journal={arXiv preprint arXiv:1707.05300},
  year={2017}
}


@inproceedings{
  liu2018competitive,
  title={Competitive experience replay},
  author={Hao Liu and Alexander Trott and Richard Socher and Caiming Xiong},
  booktitle={International Conference on Learning Representations},
  year={2019},
}

@article{Wang2016Sample,
  author    = {Ziyu Wang and
    		   Victor Bapst and
               Nicolas Heess and
               Volodymyr Mnih and
               R{\'{e}}mi Munos and
               Koray Kavukcuoglu and
               Nando de Freitas},
  title     = {Sample Efficient Actor-Critic with Experience Replay},
  journal   = {Computing Research Repository},
  volume    = {abs/1611.01224},
  year      = {2016},
  
}

@article{schaul2015prioritized,
  title={Prioritized experience replay},
  author={Schaul, Tom and Quan, John and Antonoglou, Ioannis and Silver, David},
  journal={arXiv preprint arXiv:1511.05952},
  year={2015}
}

@article{gangwani2018learning,
  title={Learning self-imitating diverse policies},
  author={Gangwani, Tanmay and Liu, Qiang and Peng, Jian},
  journal={arXiv preprint arXiv:1805.10309},
  year={2018}
}

@article{liu2019hindsight,
  title={Hindsight Generative Adversarial Imitation Learning},
  author={Liu, Naijun and Lu, Tao and Cai, Yinghao and Li, Boyao and Wang, Shuo},
  journal={arXiv preprint arXiv:1903.07854},
  year={2019}
}
@article{arulkumaran2017deep,
  title={Deep Reinforcement Learning: A Brief Survey},
  author={Arulkumaran, Kai and Deisenroth, Marc Peter and Brundage, Miles and Bharath, Anil Anthony},
  journal={IEEE Signal Processing Magazine},
  volume={34},
  number={6},
  pages={26--38},
  year={2017},
}

@article{liu2017survey,
  title={A survey of deep neural network architectures and their applications},
  author={Liu, Weibo and Wang, Zidong and Liu, Xiaohui and Zeng, Nianyin and Liu, Yurong and Alsaadi, Fuad E},
  journal={Neurocomputing},
  volume={234},
  pages={11--26},
  year={2017},
}

@inproceedings{
fang2018dher,
title={{DHER}: Hindsight Experience Replay for Dynamic Goals},
author={Fang, Meng and Zhou, Cheng and Shi, Bei and Gong, Boqing and Xu, Jia and Zhang, Tong},
booktitle={International Conference on Learning Representations},
  year={2019},
}

@inproceedings{andrychowicz2017hindsight,
  title={Hindsight experience replay},
  author={Andrychowicz, Marcin and Wolski, Filip and Ray, Alex and Schneider, Jonas and Fong, Rachel and Welinder, Peter and McGrew, Bob and Tobin, Josh and Abbeel, OpenAI Pieter and Zaremba, Wojciech},
  booktitle={Advances in Neural Information Processing Systems},
  pages={5048--5058},
  year={2017}
}

@InProceedings{oh2018self,
  title = 	 {Self-Imitation Learning},
  author = 	 {Oh, Junhyuk and Guo, Yijie and Singh, Satinder and Lee, Honglak},
  booktitle = {International Conference on Machine Learning},
  year = 	 {2018},
}

@article{schulman2017proximal,
  title={Proximal policy optimization algorithms},
  author={Schulman, John and Wolski, Filip and Dhariwal, Prafulla and Radford, Alec and Klimov, Oleg},
  journal={arXiv preprint arXiv:1707.06347},
  year={2017}
}

@article{plappert2018multi,
  title={Multi-goal reinforcement learning: Challenging robotics environments and request for research},
  author={Plappert, Matthias and Andrychowicz, Marcin and Ray, Alex and McGrew, Bob and Baker, Bowen and Powell, Glenn and Schneider, Jonas and Tobin, Josh and Chociej, Maciek and Welinder, Peter and others},
  journal={arXiv preprint arXiv:1802.09464},
  year={2018}
}


@article{lillicrap2015continuous,
  title={Continuous control with deep reinforcement learning},
  author={Lillicrap, Timothy P and Hunt, Jonathan J and Pritzel, Alexander and Heess, Nicolas and Erez, Tom and Tassa, Yuval and Silver, David and Wierstra, Daan},
  journal={arXiv preprint arXiv:1509.02971},
  year={2015}
}

@article{mnih2015human,
  title={Human-level control through deep reinforcement learning},
  author={Mnih, Volodymyr and Kavukcuoglu, Koray and Silver, David and Rusu, Andrei A and Veness, Joel and Bellemare, Marc G and Graves, Alex and Riedmiller, Martin and Fidjeland, Andreas K and Ostrovski, Georg and others},
  journal={Nature},
  volume={518},
  number={7540},
  pages={529},
  year={2015},
}

@inproceedings{nair2018overcoming,
  title={Overcoming exploration in reinforcement learning with demonstrations},
  author={Nair, Ashvin and McGrew, Bob and Andrychowicz, Marcin and Zaremba, Wojciech and Abbeel, Pieter},
  booktitle={International Conference on Robotics and Automation},
  pages={6292--6299},
  year={2018},
}

@article{silver2016mastering,
  title={Mastering the game of Go with deep neural networks and tree search},
  author={Silver, David and Huang, Aja and Maddison, Chris J and Guez, Arthur and Sifre, Laurent and Van Den Driessche, George and Schrittwieser, Julian and Antonoglou, Ioannis and Panneershelvam, Veda and Lanctot, Marc and others},
  journal={Nature},
  volume={529},
  number={7587},
  pages={484},
  year={2016},
}

@inproceedings{ng1999policy,
  title={Policy invariance under reward transformations: Theory and application to reward shaping},
  author={Ng, Andrew Y and Harada, Daishi and Russell, Stuart},
  booktitle={International Conference on Machine Learning},
  volume={99},
  pages={278--287},
  year={1999}
}

@inproceedings{pathak2017curiosity,
  title={Curiosity-driven exploration by self-supervised prediction},
  author={Pathak, Deepak and Agrawal, Pulkit and Efros, Alexei A and Darrell, Trevor},
  booktitle={Conference on Computer Vision and Pattern Recognition Workshops},
  pages={16--17},
  year={2017}
}

@article{burda2018exploration,
  title={Exploration by random network distillation},
  author={Burda, Yuri and Edwards, Harrison and Storkey, Amos and Klimov, Oleg},
  journal={arXiv preprint arXiv:1810.12894},
  year={2018}
}

@inproceedings{hester2018deep,
  title={Deep Q-learning from demonstrations},
  author={Hester, Todd and Vecerik, Matej and Pietquin, Olivier and Lanctot, Marc and Schaul, Tom and Piot, Bilal and Horgan, Dan and Quan, John and Sendonaris, Andrew and Osband, Ian and others},
  booktitle={AAAI Conference on Artificial Intelligence},
  year={2018}
}

@article{rajeswaran2017learning,
  title={Learning complex dexterous manipulation with deep reinforcement learning and demonstrations},
  author={Rajeswaran, Aravind and Kumar, Vikash and Gupta, Abhishek and Vezzani, Giulia and Schulman, John and Todorov, Emanuel and Levine, Sergey},
  journal={arXiv preprint arXiv:1709.10087},
  year={2017}
}

@article{vevcerik2017leveraging,
  title={Leveraging demonstrations for deep reinforcement learning on robotics problems with sparse rewards},
  author={Ve{\v{c}}er{\'\i}k, Matej and Hester, Todd and Scholz, Jonathan and Wang, Fumin and Pietquin, Olivier and Piot, Bilal and Heess, Nicolas and Roth{\"o}rl, Thomas and Lampe, Thomas and Riedmiller, Martin},
  journal={arXiv preprint arXiv:1707.08817},
  year={2017}
}

@article{brockman2016openai,
  title={Openai gym},
  author={Brockman, Greg and Cheung, Vicki and Pettersson, Ludwig and Schneider, Jonas and Schulman, John and Tang, Jie and Zaremba, Wojciech},
  journal={arXiv preprint arXiv:1606.01540},
  year={2016}
}

@inproceedings{ho2016generative,
  title={Generative adversarial imitation learning},
  author={Ho, Jonathan and Ermon, Stefano},
  booktitle={Advances in Neural Information Processing Systems},
  pages={4565--4573},
  year={2016}
}

@inproceedings{schulman2015trust,
  title={Trust region policy optimization},
  author={Schulman, John and Levine, Sergey and Abbeel, Pieter and Jordan, Michael and Moritz, Philipp},
  booktitle={International Conference on Machine Learning},
  pages={1889--1897},
  year={2015}
}

@article{hussein2017imitation,
  title={Imitation learning: A survey of learning methods},
  author={Hussein, Ahmed and Gaber, Mohamed Medhat and Elyan, Eyad and Jayne, Chrisina},
  journal={ACM Computing Surveys},
  volume={50},
  number={2},
  pages={21},
  year={2017},
}

@inproceedings{ng2000algorithms,
 author = {Ng, Andrew Y. and Russell, Stuart J.},
 title = {Algorithms for Inverse Reinforcement Learning},
 booktitle = {International Conference on Machine Learning},
 year = {2000},
 pages = {663--670},
 numpages = {8},
} 

@inproceedings{finn2016guided,
  title={Guided cost learning: Deep inverse optimal control via policy optimization},
  author={Finn, Chelsea and Levine, Sergey and Abbeel, Pieter},
  booktitle={International Conference on Machine Learning},
  pages={49--58},
  year={2016}
}

@article{torabi2018behavioral,
  title={Behavioral cloning from observation},
  author={Torabi, Faraz and Warnell, Garrett and Stone, Peter},
  journal={arXiv preprint arXiv:1805.01954},
  year={2018}
}

@article{zhao2018energy,
  title={Energy-based hindsight experience prioritization},
  author={Zhao, Rui and Tresp, Volker},
  journal={arXiv preprint arXiv:1810.01363},
  year={2018}
}
@article{kingma2014adam,
  title={Adam: A method for stochastic optimization},
  author={Kingma, Diederik P and Ba, Jimmy},
  journal={arXiv preprint arXiv:1412.6980},
  year={2014}
}

@inproceedings{
rauber2018hindsight,
title={Hindsight policy gradients},
author={Paulo Rauber and Avinash Ummadisingu and Filipe Mutz and Jürgen Schmidhuber},
booktitle={International Conference on Learning Representations},
year={2019},
}

@inproceedings{zhang2018deep,
  title={Deep imitation learning for complex manipulation tasks from virtual reality teleoperation},
  author={Zhang, Tianhao and McCarthy, Zoe and Jowl, Owen and Lee, Dennis and Chen, Xi and Goldberg, Ken and Abbeel, Pieter},
  booktitle={International Conference on Robotics and Automation},
  pages={1--8},
  year={2018},
}
@InProceedings{pmlr-v78-finn17a,
  title = 	 {One-Shot Visual Imitation Learning via Meta-Learning},
  author = 	 {Chelsea Finn and Tianhe Yu and Tianhao Zhang and Pieter Abbeel and Sergey Levine},
  booktitle = {Conference on Robot Learning},
  pages = 	 {357--368},
  year = 	 {2017},
  volume = 	 {78},
}

@inproceedings{codevilla2018end,
  title={End-to-end driving via conditional imitation learning},
  author={Codevilla, Felipe and Miiller, Matthias and L{\'o}pez, Antonio and Koltun, Vladlen and Dosovitskiy, Alexey},
  booktitle={International Conference on Robotics and Automation},
  pages={1--9},
  year={2018},
}

@article{bojarski2016end,
  title={End to end learning for self-driving cars},
  author={Bojarski, Mariusz and Del Testa, Davide and Dworakowski, Daniel and Firner, Bernhard and Flepp, Beat and Goyal, Prasoon and Jackel, Lawrence D and Monfort, Mathew and Muller, Urs and Zhang, Jiakai and others},
  journal={arXiv preprint arXiv:1604.07316},
  year={2016}
}

@inproceedings{ross2011reduction,
  title={A reduction of imitation learning and structured prediction to no-regret online learning},
  author={Ross, St{\'e}phane and Gordon, Geoffrey and Bagnell, Drew},
  booktitle={International Conference on Artificial Intelligence and Statistics},
  pages={627--635},
  year={2011}
}

@inproceedings{wang2017robust,
  title={Robust imitation of diverse behaviors},
  author={Wang, Ziyu and Merel, Josh S and Reed, Scott E and de Freitas, Nando and Wayne, Gregory and Heess, Nicolas},
  booktitle={Advances in Neural Information Processing Systems},
  pages={5320--5329},
  year={2017}
}

@inproceedings{abbeel2004apprenticeship,
  title={Apprenticeship learning via inverse reinforcement learning},
  author={Abbeel, Pieter and Ng, Andrew Y},
  booktitle={International Conference on Machine learning},
  pages={1},
  year={2004},
}


@inproceedings{ziebart2008maximum,
  title={Maximum entropy inverse reinforcement learning.},
  author={Ziebart, Brian D and Maas, Andrew L and Bagnell, J Andrew and Dey, Anind K},
  booktitle={AAAI Conference on Artificial Intelligence},
  volume={8},
  pages={1433--1438},
  year={2008},
}

@inproceedings{lee2019sample,
  title={Sample-efficient deep reinforcement learning via episodic backward update},
  author={Lee, Su Young and Sungik, Choi and Chung, Sae-Young},
  booktitle={Advances in Neural Information Processing Systems},
  pages={2112--2121},
  year={2019}
}

@inproceedings{tang2020self,
  title={Self-imitation learning via generalized lower bound q-learning},
  author={Tang, Yunhao},
  booktitle={Advances in Neural Information Processing Systems},
  year={2020}
}

@inproceedings{ding2019goal,
  title={Goal-conditioned imitation learning},
  author={Ding, Yiming and Florensa, Carlos and Abbeel, Pieter and Phielipp, Mariano},
  booktitle={Advances in Neural Information Processing Systems},
  pages={15324--15335},
  year={2019}
}

@inproceedings{fang2019curriculum,
  title={Curriculum-guided hindsight experience replay},
  author={Fang, Meng and Zhou, Tianyi and Du, Yali and Han, Lei and Zhang, Zhengyou},
  booktitle={Advances in Neural Information Processing Systems},
  pages={12623--12634},
  year={2019}
}

@article{guo2019self,
  title={Self-Imitation Learning via Trajectory-Conditioned Policy for Hard-Exploration Tasks},
  author={Guo, Yijie and Choi, Jongwook and Moczulski, Marcin and Bengio, Samy and Norouzi, Mohammad and Lee, Honglak},
  journal={arXiv},
  pages={arXiv--1907},
  year={2019}
}

@article{berner2019dota,
  title={Dota 2 with large scale deep reinforcement learning},
  author={Berner, Christopher and Brockman, Greg and Chan, Brooke and Cheung, Vicki and Debiak, Przemys{\l}aw and Dennison, Christy and Farhi, David and Fischer, Quirin and Hashme, Shariq and Hesse, Chris and others},
  journal={arXiv preprint arXiv:1912.06680},
  year={2019}
}

@article{andrychowicz2020learning,
  title={Learning dexterous in-hand manipulation},
  author={Andrychowicz, OpenAI: Marcin and Baker, Bowen and Chociej, Maciek and Jozefowicz, Rafal and McGrew, Bob and Pachocki, Jakub and Petron, Arthur and Plappert, Matthias and Powell, Glenn and Ray, Alex and others},
  journal={The International Journal of Robotics Research},
  volume={39},
  number={1},
  pages={3--20},
  year={2020},
}

@misc{sutton2018reinforcement,
  title={Reinforcement learning: An introduction 2nd ed},
  author={Sutton, Richard S and Barto, Andrew G},
  year={2018},
  publisher={MIT press}
}

@article{james2018task,
  title={Task-Embedded Control Networks for Few-Shot Imitation Learning},
  author={James, Stephen and Bloesch, Michael and Davison, Andrew J},
  journal={Conference on Robot Learning},
  year={2018}
}

@inproceedings{duan2017one,
  title={One-shot imitation learning},
  author={Duan, Yan and Andrychowicz, Marcin and Stadie, Bradly and Ho, OpenAI Jonathan and Schneider, Jonas and Sutskever, Ilya and Abbeel, Pieter and Zaremba, Wojciech},
  booktitle={Advances in Neural Information Processing Systems},
  pages={1087--1098},
  year={2017}
}

@article{fang2019survey,
  title={Survey of imitation learning for robotic manipulation},
  author={Fang, Bin and Jia, Shidong and Guo, Di and Xu, Muhua and Wen, Shuhuan and Sun, Fuchun},
  journal={International Journal of Intelligent Robotics and Applications},
  pages={1--8},
  year={2019},
}

@inproceedings{pmlr-v97-wu19a,
  title={Imitation Learning from Imperfect Demonstration},
  author = {Wu, Yueh-Hua and Charoenphakdee, Nontawat and Bao, Han and Tangkaratt, Voot and Sugiyama, Masashi},
  booktitle={International Conference on Machine learning},
  year={2019},
}

// ---------------------------chapter4---------------------------

@article{parker2020effective,
  title={Effective Diversity in Population Based Reinforcement Learning},
  author={Parker-Holder, Jack and Pacchiano, Aldo and Choromanski, Krzysztof M and Roberts, Stephen J},
  journal={Neural Information Processing Systems},
  year={2020}
}

@article{berner2019dota,
  title={{Dota 2 with large scale deep reinforcement learning}},
  author={Berner, Christopher and Brockman, Greg and Chan, Brooke and Cheung, Vicki and Debiak, Przemys{\l}aw and Dennison, Christy and Farhi, David and Fischer, Quirin and Hashme, Shariq and Hesse, Chris and others},
  journal={arXiv:1912.06680},
  year={2019}
}

@article{brockman2016openai,
  title={Openai gym},
  author={Brockman, Greg and Cheung, Vicki and Pettersson, Ludwig and Schneider, Jonas and Schulman, John and Tang, Jie and Zaremba, Wojciech},
  journal={arXiv preprint arXiv:1606.01540},
  year={2016}
}

@inproceedings{kaelbling1993learning,
  title={Learning to achieve goals},
  author={Kaelbling, Leslie Pack},
  booktitle={International Joint Conference on Artificial Intelligence},
  year={1993}
}

@inproceedings{
    liu2018competitive,
    title={Competitive experience replay},
    author={Hao Liu and Alexander Trott and Richard Socher and Caiming Xiong},
    booktitle={International Conference on Learning Representations},
    year={2019},
}

@article{mnih2015human,
  title={Human-level control through deep reinforcement learning},
  author={Mnih, Volodymyr and Kavukcuoglu, Koray and Silver, David and Rusu, Andrei A and Veness, Joel and Bellemare, Marc G and Graves, Alex and Riedmiller, Martin and Fidjeland, Andreas K and Ostrovski, Georg and others},
  journal={Nature},
  year={2015},
}
@article{plappert2018multi,
  title={Multi-goal reinforcement learning: Challenging robotics environments and request for research},
  author={Plappert, Matthias and Andrychowicz, Marcin and Ray, Alex and McGrew, Bob and Baker, Bowen and Powell, Glenn and Schneider, Jonas and Tobin, Josh and Chociej, Maciek and Welinder, Peter and others},
  journal={arXiv:1802.09464},
  year={2018}
}

@inproceedings{
    rauber2018hindsight,
    title={Hindsight policy gradients},
    author={Paulo Rauber and Avinash Ummadisingu and Filipe Mutz and Jürgen Schmidhuber},
    booktitle={International Conference on Learning Representations},
    year={2019},
}

@inproceedings{schaul2015universal,
  title={Universal value function approximators},
  author={Schaul, Tom and Horgan, Daniel and Gregor, Karol and Silver, David},
  booktitle={International Conference on Machine Learning},
  year={2015}
}
@inproceedings{schaul2016prioritized,
  title={Prioritized experience replay},
  author={Schaul, Tom and Quan, John and Antonoglou, Ioannis and Silver, David},
  booktitle={International Conference on Learning Representations},
  year={2016}
}


@inproceedings{osogami2019determinantal,
	title={Determinantal reinforcement learning},
	author={Osogami, Takayuki and Raymond, Rudy},
	booktitle={AAAI Conference on Artificial Intelligence},
	year={2019}
}

@InProceedings{pmlr-v119-yang20i,
	author    = {Yang, Yaodong and Wen, Ying and Wang, Jun and Chen, Liheng and Shao, Kun and Mguni, David and Zhang, Weinan},
	booktitle = {International Conference on Machine Learning},
	title     = {Multi-Agent Determinantal Q-Learning},
	year      = {2020},
}

@inproceedings{celis2018fair,
	title={Fair and diverse DPP-based data summarization},
	author={Celis, Elisa and Keswani, Vijay and Straszak, Damian and Deshpande, Amit and Kathuria, Tarun and Vishnoi, Nisheeth},
	booktitle={International Conference on Machine Learning},
	year={2018},
}

@inproceedings{NIPS2017_453fadbd,
 author = {Andrychowicz, Marcin and Wolski, Filip and Ray, Alex and Schneider, Jonas and Fong, Rachel and Welinder, Peter and McGrew, Bob and Tobin, Josh and Pieter Abbeel, OpenAI and Zaremba, Wojciech},
 booktitle = {Neural Information Processing Systems},
 title = {Hindsight Experience Replay},
 year = {2017}
}

@inproceedings{zhao2018energy,
  title={Energy-based hindsight experience prioritization},
  author={Zhao, Rui and Tresp, Volker},
  booktitle={Conference on Robot Learning},
  year={2018},
}

@inproceedings{fang2019curriculum,
	title={Curriculum-guided hindsight experience replay},
	author={Fang, Meng and Zhou, Tianyi and Du, Yali and Han, Lei and Zhang, Zhengyou},
	booktitle = {Neural Information Processing Systems},
	year={2019}
}

@inproceedings{lillicrapContinuous,
  author={Timothy P. Lillicrap and Jonathan J. Hunt and Alexander Pritzel and Nicolas Heess and Tom Erez and Yuval Tassa and David Silver and Daan Wierstra},
  title={Continuous control with deep reinforcement learning.},
  year={2016},
  booktitle={International Conference on Learning Representations},
}

@inproceedings{kulesza2011k,
  title={k-DPPs: Fixed-size determinantal point processes},
  author={Kulesza, Alex and Taskar, Ben},
  booktitle={International Conference on Machine Learning},
  year={2011}
}

@inproceedings{hong2014improving,
	title={Improving the estimation of word importance for news multi-document summarization},
	author={Hong, Kai and Nenkova, Ani},
	booktitle={Conference of the European Chapter of the Association for Computational Linguistics},
	year={2014}
}

@inproceedings{mahasseni2017unsupervised,
	title={Unsupervised video summarization with adversarial lstm networks},
	author={Mahasseni, Behrooz and Lam, Michael and Todorovic, Sinisa},
	booktitle={IEEE Conference on Computer Vision and Pattern Recognition},
	year={2017}
}

@inproceedings{Oh2018SIL,
  title={Self-Imitation Learning},
  author={Junhyuk Oh and Yijie Guo and Satinder Singh and Honglak Lee},
  booktitle={International Conference on Machine Learning},
  year={2018}
}

@article{dai2020episodic,
  title={Episodic Self-Imitation Learning with Hindsight},
  author={Dai, Tianhong and Liu, Hengyan and Bharath, Anil Anthony},
  journal={Electronics},
  year={2020},
}

@inproceedings{fang2018dher,
  title={DHER: Hindsight experience replay for dynamic goals},
  author={Fang, Meng and Zhou, Cheng and Shi, Bei and Gong, Boqing and Xu, Jia and Zhang, Tong},
  booktitle={International Conference on Learning Representations},
  year={2018}
}

@article{arulkumaran2017deep,
  title={Deep reinforcement learning: A brief survey},
  author={Arulkumaran, Kai and Deisenroth, Marc Peter and Brundage, Miles and Bharath, Anil Anthony},
  journal={IEEE Signal Processing Magazine},
  year={2017},
}

@article{silver2017mastering,
  title={{Mastering the game of Go without human knowledge}},
  author={Silver, David and Schrittwieser, Julian and Simonyan, Karen and Antonoglou, Ioannis and Huang, Aja and Guez, Arthur and Hubert, Thomas and Baker, Lucas and Lai, Matthew and Bolton, Adrian and others},
  journal={Nature},
  year={2017},
}

@article{kiran2021deep,
  title={Deep reinforcement learning for autonomous driving: A survey},
  author={Kiran, B Ravi and Sobh, Ibrahim and Talpaert, Victor and Mannion, Patrick and Al Sallab, Ahmad A and Yogamani, Senthil and P{\'e}rez, Patrick},
  journal={IEEE Transactions on Intelligent Transportation Systems},
  year={2021},
}

@inproceedings{gu2017deep,
  title={Deep reinforcement learning for robotic manipulation with asynchronous off-policy updates},
  author={Gu, Shixiang and Holly, Ethan and Lillicrap, Timothy and Levine, Sergey},
  booktitle={International Conference on Robotics and Automation},
  year={2017},
}

@article{kulesza2012determinantal,
  title={Determinantal Point Processes for Machine Learning},
  author={Kulesza, Alex and Taskar, Ben and others},
  journal={Foundations and Trends in Machine Learning},
  year={2012}
}

@article{silver2016mastering,
  title={{Mastering the game of Go with deep neural networks and tree search}},
  author={Silver, David and Huang, Aja and Maddison, Chris J and Guez, Arthur and Sifre, Laurent and Van Den Driessche, George and Schrittwieser, Julian and Antonoglou, Ioannis and Panneershelvam, Veda and Lanctot, Marc and others},
  journal={Nature},
  year={2016},
}

@article{schrittwieser2020mastering,
  title={{Mastering Atari, Go, chess and shogi by planning with a learned model}},
  author={Schrittwieser, Julian and Antonoglou, Ioannis and Hubert, Thomas and Simonyan, Karen and Sifre, Laurent and Schmitt, Simon and Guez, Arthur and Lockhart, Edward and Hassabis, Demis and Graepel, Thore and others},
  journal={Nature},
  year={2020},
}

@article{vinyals2019grandmaster,
  title={Grandmaster level in StarCraft II using multi-agent reinforcement learning},
  author={Vinyals, Oriol and Babuschkin, Igor and Czarnecki, Wojciech M and Mathieu, Micha{\"e}l and Dudzik, Andrew and Chung, Junyoung and Choi, David H and Powell, Richard and Ewalds, Timo and Georgiev, Petko and others},
  journal={Nature},
  year={2019},
}

@article{jaderberg2019human,
  title={Human-level performance in 3D multiplayer games with population-based reinforcement learning},
  author={Jaderberg, Max and Czarnecki, Wojciech M and Dunning, Iain and Marris, Luke and Lever, Guy and Castaneda, Antonio Garcia and Beattie, Charles and Rabinowitz, Neil C and Morcos, Ari S and Ruderman, Avraham and others},
  journal={Science},
  year={2019},
}

@article{levine2016end,
  title={End-to-end training of deep visuomotor policies},
  author={Levine, Sergey and Finn, Chelsea and Darrell, Trevor and Abbeel, Pieter},
  journal={Journal of Machine Learning Research},
  year={2016},
}

@inproceedings{ng1999theory,
  title={Theory and application to reward shaping},
  author={Ng, Andrew Y and Harada, Daishi and Russell, Stuart},
  booktitle={International Conference on Machine Learning},
  year={1999}
}

@article{andrychowicz2020learning,
  title={Learning dexterous in-hand manipulation},
  author={Andrychowicz, OpenAI: Marcin and Baker, Bowen and Chociej, Maciek and Jozefowicz, Rafal and McGrew, Bob and Pachocki, Jakub and Petron, Arthur and Plappert, Matthias and Powell, Glenn and Ray, Alex and others},
  journal={International Journal of Robotics Research},
  year={2020},
}

@inproceedings{xia2016control,
  title={A control strategy of autonomous vehicles based on deep reinforcement learning},
  author={Xia, Wei and Li, Huiyun and Li, Baopu},
  booktitle={International Symposium on Computational Intelligence and Design},
  year={2016},
}

@book{sutton2018reinforcement,
  title={Reinforcement learning: An introduction},
  author={Sutton, Richard S and Barto, Andrew G},
  publisher={The MIT Press},
  year={2018},
}
